@BOOK{bib:computational_granular_dynamics,
	Title={Computational Granular Dynamics},
    Author={Thorsten P\"oschel and Thomas Schwager},
    Edition={1},
    Publisher={Springer},
    Year={2005}
}

@BOOK{bib:dynamics_of_multibody_systems,
	Title={Dynamics of Multibody Systems},
    Author={Jens Wittenburg},
    Edition={2},
    Publisher={Springer},
    Year={2008}
}

@BOOK{bib:maliska,
	Title={Transferência de Calor e Mecânica dos Fluidos Computacional},
    Author={Clovis Raimundo Maliska},
    Publisher={LTC Editora},
    Year={2004}
}

@PHDTHESIS{bib:sampaio,
	Title={O Método dos Elementos Discretos com Superelipsóides usando a Parametrização das Rotações de Rodrigues},
	Author={Marco Antônio Brasiel Sampaio},
    Year={2017},
    School={Universidade de São Paulo}
}

@BOOK{bib:spivak,
	Title={Calculus},
    Author={Michael Spivak},
    Edition={3},
    Year={1994}
}

@BOOK{bib:gear_book,
	Title={Numerical Initial Value Problems in Ordinary Differential Equations},
    Author={C. William Gear},
    Publisher={Prentice-Hall, Inc.},
    Year={1971}
}

@ARTICLE{bib:donze,
	Title={Advances in Discrete Element Method Applied to Soil, Rock and Concrete Mechanics},
    Author={Fr\'ed\'eric V. Donz\'e and Vincent Richefeu and Sophie-Ad\'ela\"ide Magnier},
    Journal={Electronic Journal of Geotechnical Engineering},
    Year={2009}
}

@ARTICLE{bib:poschel,
	Title={Molecular Dynamics Simulation of Size Segregation in Three Dimensions},
    Author={Jason A. C. Gallas and Hans J. Herrmann and Thorsten P\"oschel and Stefan Sokolowski},
    Journal={Journal of Statistical Physics},
    Volume={82},
    Year={1996}
}

@ARTICLE{bib:rolling,
	Title={Assessment of rolling resistance models in discrete element simulations},
    Author={Jun Ai and Jian-Fei Chen and J. Michael Rotter and Jin Y. Ooi},
    Journal={Powder Technology},
    Year={2010}
}

@ARTICLE{bib:applications,
	Title={Discrete Element Method (DEM) for Industrial Applications: Comments on Calibration and Validation for the Modelling of Cylindrical Pellets},
    Author={Michele Marigo and Edmund Hugh Stitt},
    Journal={KONA Powder and Particle Journal},
    Year={2015}
}

@BOOK{bib:extrapolation,
	Title={Extrapolation Methods: Theory and Practice},
    Author={C. Brezinski and M. Redivo Zaglia},
    Publisher={Elsevier Science},
    Series={Studies in Computational Mathematics},
    Volume={2},
    Year={2013}
}